%% This BibTeX bibliography file was created using BibDesk.
%% http://bibdesk.sourceforge.net/


%% Created for Seth Johnson at 2010-01-15 15:01:56 -0500 


%% Saved with string encoding Unicode (UTF-8) 

@Book{Joe2015,
author = {Joe, Harry},
title = {Dependence Modeling with Copulas},
publisher = {CRC Press},
year = {2015},
}


@Article{friedman2002,
author = {Jerome H. Friedman},
title = {Stochastic gradient boosting},
journal = {Computational Statistics and Data Analysis},
year = {2002},
volume = {38},
pages = {367},
month = {Febuary}
}


@article{Lar2008,
	Author = {Larsen, Edward W. and Wollaber, Allan B.},
	Date-Added = {2010-01-15 15:01:35 -0500},
	Date-Modified = {2010-01-15 15:01:35 -0500},
	Journal = {Nuclear Science and Engineering},
	Keywords = {SN},
	Number = {3},
	Pages = {267--283},
	Title = {A Quantitative Theory of Angular Truncation Errors in Three-Dimensional {$S_N$} Calculations},
	Volume = {160},
	Year = {2008}}

@techreport{Car1953,
	Author = {Carlson, Bengt G.},
	Date-Added = {2010-01-15 14:53:00 -0500},
	Date-Modified = {2010-01-15 14:53:00 -0500},
	Institution = {Los Alamos Scientific Laboratory},
	Number = {LA-1599},
	Title = {Solution of the Transport Equation by {S$_n$} Approximations},
	Year = {1953}}

@book{Kno2000,
	Author = {Knoll, Glenn F.},
	Date-Added = {2010-01-15 14:52:06 -0500},
	Date-Modified = {2010-01-15 14:52:06 -0500},
	Edition = {3rd},
	Publisher = {John Wiley \& Sons, Inc.},
	Title = {Radiation Detection and Measurement},
	Year = {2000}}

@article{Pul2010,
	Author = {Pullum, Geoffrey K.},
	Journal = {English Today},
	Number = {2},
	Pages = {34--44},
	Title = {The Land of the Free and \emph{The Elements of Style}},
	Volume = {26},
	Year = {2010}}

@book{Str2000,
	Author = {Strunk, W. and White, E.B.},
	Edition = {4},
	Publisher = {New York: Allyn and Bacon},
	Title = {The Elements of Style},
	Year = {2000}}
	
@CONFERENCE{geemert11,
    author = {Ren\'{e} van Geemert and Markus Gl\"{u}ck and Michael Riedmann and Harry Gabriel},
    title = {Parallelized Preconditioned {B}i{CG}stab Solution of Sparse Linear System Equations in {F-COBRA-TF}},
    booktitle = {Mathematics and Computation 2011, Rio de Janeiro, Brazil},
    year = {2011}
}

@techreport{sterner83,
   author="R. Sterner and R. Lahey",
   title="Air/Water Subchannel Measurements of the Equilibrium Quality and Mass Flux Distribution in a Rod Bundle",
   institution="Rensselaer Polytechnic Institute",
   year="1983"
}

@book{patankar80,
  author="S.V. Patankar",
  title={Numerical Heat Transfer and Fluid Flow},
  year="1980",
  publisher="McGraw-Hill"
}

@book{pacheco97,
    author="P.S. Pacheco",
    title = {Parallel Programming with {MPI}},
    year = "1996",
    publisher="Morgan Kaufmann"
}

@article{zou13,
   author="L. Zou and H. Zhang and J. Gehin and B. Kochunas",
   title="{Coupled Thermal-Hydraulic/Neutronics/CRUD Framework in Prediction of CRUD-Induced Power Shift Phenomenon}",
   year="2013",
   journal="Nuclear Technology",
   volume="183"
}

@techreport{sawochka97,
   author="S. Sawochka",
   title="{Impact of PWR Primary Chemistry on Corrosion Product Deposition on Fuel Cladding Surfaces}",
   number="TR-108783",
   year="1997",
   institution="EPRI"
}

@techreport{avramova09,
   author="M.N. Avramova",
   title="{CTF}---{A} {T}hermal-{H}ydraulic {S}ub-{C}hannel {C}ode for {LWR} {T}ransient {A}nalyses---{U}ser's {M}anual",
   institution="The Reactor Dynamics Fuel Management Group at the Pennsylvania State University",
   year = "2009"
}


@MANUAL{salko12,
    title = {CTF Theory Manual},
    author = {R.K. Salko and M.N. Avramova},
    organization = {The Pennsylvania State University}
}

@techreport{wurtz78,
    title = {An Experimental and Theoretical Investigation of Annular Steam-Water Flow in Tubes and Annuli at 30 to 90 bar},
    author = {Jorgen Wurtz},
    number = {Riso Report No. 372},
    institution = {Riso National Laboratory},
    address = {Copenhagen, Denmark},
    month = {April},
    year = {1978}
}
@BOOK{wallis69,
  title = {One-Dimensional Two-Phase Flow},
  publisher = {McGraw-Hill},
  year = {1969},
  author = {G.B. Wallis}
}


@techreport{wysocki16,
   author="A. Wysocki and R. Salko",
   title="Validation of CTF Droplet Entrainment and Annular/Mist Closure Models using Riso Steam/Water Experiments",
   institution="Consortium for Advanced Simulation of Light Water Reactors",
   year="2016",
   number="CASL-U-2016-1080-000"
}

@techreport{salko16,
   author="R. Salko and A. Wysocki and B. Collins and A. Godfrey and C. Gosdin and M. Avramova",
   title="{Development and Testing of CTF to Support Modeling of BWR Operating Conditions}",
   institution="The Reactor Dynamics Fuel Management Group at the Pennsylvania State University",
   number="CASL-U-2016-1030-000",
   year = "2016"}

@conference{salko15.3,
   author="R. Salko and T. Lange and V. Kucukboyaci and Y. Sung and S. Palmtag and J. Gehin and M. Avramova",
   title="{Development of COBRA-TF for Modeling Full-Core Reactor Operating Cycles}",
   booktitle="Advances in Nuclear Fuel Management V (ANFM 2015), Hilton Head Island, South Carolina, USA",
   year="2015"
}

@conference{salko13,
    author="R. Salko and M. Avramova and R. Hooper and S. Palmtag and E. Popov and J. Turner",
    title="{Improvements, Enhancements, and Optimizations of COBRA-TF}",
    booktitle="International Conference on Mathematics and Computational Methods (M\&C)",
    year="2013"
}



@MANUAL{salko12.1,
   title={CTF Preprocessor User's Manual},
   author="R. Salko and M. Avramova",
   year="2012",
   organization={The Pennsylvania State University}
}

@MANUAL{salko15,
   title="{CTF Validation and Verification}",
   author="R. Salko and T. Blyth and C. Dances and J. Magedanz and M. Gergar and C. Gosdin and M. Avramova and S. Palmtag and J. Gehin",
   year="2015",
   organization="The Pennsylvania State University"
}

@MANUAL{salko15.1,
   title="{CTF Verification}",
   author="R. Salko and C. Jernigan and J. Kelly and A. Toptan",
   year="2015",
   organization="The Pennsylvania State University"
}

@techreport{sung13,
   title="{Initial DNB Data Collection and Modeling using CASL Thermal-Hydraulic Codes, L2.AMA.P6.01}",
   author="Y. Sung and J. Yan and Z. Karoutas and A. Bui and H. Zhang and N. Dinh",
   institution="Consortium for Advanced Simulation of Light Water Reactors",
   year="2013",
   number="CASL-I-2013-0035-000"
}

@conference{aviles16,
   title="{Coupled MC21 and COBRA-IE Solution to VERA Core Physics Benchmark Problem \#6}",
   author="B. Aviles and D. Kelly and D. Aumiller and D. Gill and B. Siebert and A. Godfrey and B. Collins and R. Salko",
   booktitle="PHYSOR 2016",
   year="2016",
}

@conference{collins16,
   title="{Simulation of Crud Induced Power Shift using the VERA Core Simulator and MAMBA}",
   author="B. Collins and R. Salko and S. Stimpson and K. Clarno and A. Godfrey",
   year="2016",
   booktitle="PHYSOR 2016"
}


@conference{galimov15,
   title="{Comparison of COBRA-TF and VIPRE-01 against Low Flow Code Assessment Problems}",
   author="A. Galimov and M. Bradbury and G. Gose and R. Salko and C. Delfino",
   booktitle="16th International Topical Meeting on Nuclear Reactor Thermal Hydraulics, NURETH 16",
   year="2015"
}

@conference{kucukboyaci16,
   title="{VERA-CS Modeling and Simulation of PWR Main Steam Line Break Core Response to DNB}",
   author="V. Kucukboyaci and Y. Sung and Y. Xu and L. Cao and R. Salko",
   booktitle="Proceedings of the 24th International Conference on Nuclear Engineering ICONE24",
   year="2016"
}

@ARTICLE{henstock76,
  author = {W.H. Henstock and T.J. Hanratty},
  title = {The Interfacial Drag
	and the Height of the Wall Layer in Annular Flows},
  journal = {AIChE Journal},
  year = {1976},
  volume = {22},
  pages = {990 -- 1000},
  number = {6}
}

@article{sim86,
   author="S. Sim and R. Lahey",
   title="{Measurement of Phase Distribution in a Triangular Conduit}",
   journal="International Journal of Multiphase Flow",
   volume="12",
   number="3",
   pages="405--425",
   year="1986"
}

@article{lahey89,
   title="{An Experimental Investigation of Phase Distribution in an Eccentric Annulus}",
   journal="International Journal of Multiphase Flow",
   volume="15",
   number="3",
   author="R. Lahey and K. Ohkawa",
   pages="447--457",
   year="1989"
}

@techreport{sung15,
   author="Y. Sung and V. Kucukboyaci and Y. Xu and R. Salko",
   title="VERA-CS Modeling and Simulation of PWR MSLB Core Response to DNB-High Flow Case",
   institution="Consortium for Advanced Simulation of Light Water Reactors",
   year="2015",
   number="CASL-X-2015-0174-000"
}

@techreport{palmtag14,
   author="S. Palmtag and A. Godfrey",
   title="VERA Common Input User Manual",
   institution="Consortium for Advanced Simulation of Light Water Reactors",
   year="2014",
   number="CASL-U-2014-0014-002"
}


@techreport{sieger15,
   author="M. Sieger",
   title="{CASL-QA-030 CASL Software Quality Assurance Requirements}",
   institution="Consortium for Advanced Simulation of Light Water Reactors",
   year="2015",
   number="CASL-U-2015-0010-000"
}

@techreport{thurgood83,
   author="M. Thurgood and J. Kelly and T. Guidotti and R. Kohrt and K. Crowell",
   title="{COBRA/TRAC - A Thermal-Hydraulics Code for Transient Analysis of Nuclear Reactor Vessels and Primary Coolant Systems Equations and Constitutive Models}",
   institution="Pacific Northwest National Laboratory",
   number="NUREG/CR-3046, PNL-4385",
   year="1983"
}


@Misc{petsc-web-page, author = {Satish Balay and Shrirang Abhyankar
   and Mark~F. Adams and Jed Brown and Peter Brune and Kris
      Buschelman and Lisandro Dalcin and Victor Eijkhout and
      William~D. Gropp and Dinesh Kaushik and Matthew~G. Knepley and
      Lois Curfman McInnes and Karl Rupp and Barry~F. Smith and
      Stefano Zampini and Hong Zhang and Hong Zhang}, title =
      {{PETS}c {W}eb page}, url =    {http://www.mcs.anl.gov/petsc},
   howpublished = {\url{http://www.mcs.anl.gov/petsc}}, year = {2016}
}

@Manual{mpi,
   author="A. Amer and P. Balaji and W. Bland and W. Gropp and R. Latham and H. Lu and L. Oden and A. Pe\~{n}a and K. Raffenetti and S. Seo and R. Thakur and J. Zhang",
   title="{MPICH User's Guide Version 3.2}",
   institution="Mathematics and Computer Science Division Argonne National Laboratory",
   year="2015"
}

@Manual{openmp,
   author="OpenMP Architecture Review Board",
   title="OpenMP Application Programming Interface Version 4.5",
   year="2015",
   institution="OpenMP Architecture Review Board"
}

   

@techreport{Trilinos-Overview,
   title = "{An Overview of Trilinos}",
   author = "Michael Heroux and Roscoe Bartlett and Vicki Howle Robert Hoekstra and Jonathan Hu and Tamara Kolda and Richard Lehoucq and Kevin Long and Roger Pawlowski and Eric Phipps and Andrew Salinger and Heidi Thornquist and Ray Tuminaro and James Willenbring and Alan Williams ",
   institution = "Sandia National Laboratories",
   number = "SAND2003-2927",
   year = 2003}

@article{salko14.2,
  author="R.K. Salko and R. Schmidt and M.N. Avramova",
  year="2014",
  title="{Optimization and Parallelization of the Thermal-Hydraulics Sub-channel Code CTF for High-Fidelity Multi-physics Applications}",
  journal="Annals of Nuclear Energy",
  note="Accepted for publication"
}

@techreport{salko15.2,
   title="{CTF Void Drift Validation}",
   author="R. Salko and M. Gergar and C. Gosdin and M. Avramova",
   year="2015",
   number="CASL-U-2015-0320-002",
   institution="Consrotium for Advanced Simulation of Light Water Reactors"
}

@proceedings{hizoum10,
    title = "{COBRAG Subchannel Analysis of BWR Fuel Thermal Hydraulic Performance}",
    author = "B. Hizoum and J. Andersen and A. Sakoda and S. Bowman",
    booktitle = "Proc. of 2010 LWR Fuel Performance/TopFuel/WRFPM",
    address = "Orlando, FL, USA",
    month = "September",
    year = "2010"
}


@techreport{godfrey14,
   author="A. Godfrey and S. Palmtag and G. Davidson and B. Collins",
   title={VERAOUT---VERA HDF5 Output Specification},
   institution="Oak Ridge National Laboratory",
   year="2014"
}

@techreport{godfrey15,
   author="A. Godfrey and B. Collins and K. Kim and R. Lee and J. Powers and R. Salko and S. Stimpson and W. Wieselquist and Rob Montgomery and Rose Montgomery and B. Kochunas and D. Jabaay and N. Capps and J. Secker",
   title="{VERA Benchmarking Results for Watts Bar Nuclear Plant FY15.CASL.005}",
   number="CASL-U-2015-206-000",
   institution="Oak Ridge National Laboratory",
   year="2015"
}

@techreport{secker15,
   author="J. Secker and B. Collins and R. Salko and B. Kendrick",
   title="{L1.CASL.P11.03: Qualify a Core-Wide PWR CIPS Capability that Includes an Initial Corrosion Product Treatment}",
   number="CASL-I-2015-0318-000",
   institution="Oak Ridge National Laboratory",
   year="2015"
}

@phdthesis{lane09,
   author="J. Lane",
   title={The Development of a Comprehensive Annular Flow Modeling Package for Two-Phase Three-Field Transient Safety Analysis Codes},
   year="2009",
   school="The Pennsylvania State University"
}


@article{deshon11,
   author="J. Deshon and D. Hussey and B. Kendrick and J. McGurk and J. Secker and M. Short",
   title="{Pressurized Water Reactor Fuel Crud and Corrosion Modeling}",
   volume="63",
   number="8",
   journal="JOM",
   month="August",
   year="2011"
}

@techreport{palmtag15,
   author="S. Palmtag",
   title={Initial Boiling Water Reactor (BWR) Input Specifications},
   institution="Consortium for Advanced Simulation of Light Water Reactors",
   number="CASL-U-2015-0040-000",
   year="2015"
}

@techreport{kochunas15,
   author="B. Kochunas and D. Jabaay and S. Stimpson and A. Graham and T. Downar and B. Collins and K. Kim and W. Wieselquist and K. Clarno and J. Gehin and S. Palmtag",
   title="VERA Core Simulator Methodology for PWR Cycle Depletion",
   institution="Consortium for Advanced Simulation of Light Water Reactors",
   number="CASL-U-2015-0155-000",
   year="2015"
}

@manual{mpactmanual,
   author="University of Michigan",
   year="2013",
   title="{MPACT Theory Manual}"
}

@manual{training,
   author="R. Salko",
   year="2016",
   title="{CTF Developer Training Plan}",
   institution="North Carolina State University"
}

@manual{srs,
   author="R. Salko",
   year="2016",
   title="{CTF Software Requirements Specification}",
   institution="North Carolina State University"
}

@misc{casl_release,
   author="CASL",
   title="CASL-QA-014: Release Management Process",
   year="2015",
   url="\url{https://vminfo.casl.gov/wiki/index.php/Release_Management_Process}",
   note="Revision ID: 9080"
}


@techreport{bfbt_doc,
    author="B. Neykov and F. Aydogan and L. Hochreiter and K. Ivanov and H. Utsuno and F. Kasahara",
    title="\href{run:references/bfbt_documentation.pdf}{{NUPEC BWR Full-size Fine-mesh Bundle Test (BFBT) Benchmark}}",
    institution="NUCLEAR ENERGY AGENCY",
    year="2006"
}

@techreport{psbt_doc,
    author="A. Rubin and A. Schoedel and  M. Avramova and H. Utsuno and S. Bajorek and A. Velazquez-Lozada",
    title="OECD/NRC BENCHMARK BASED ON NUPEC PWR SUBCHANNEL AND BUNDLE TESTS (PSBT)",
    institution="US NRC and OECD Nuclear Energy Agency",
    year="2010"
}

@techreport{slattery15,
   author="S. Slattery and R. Salko and K. Clarno",
   title="{The Effect of Subchannel vs. CFD Discretizations on CRUD Growth using MAMBA1D}",
   year="2015",
   institution="Consortium for Advanced Simulation of Light Water Reactors"
}

@techreport{pft-16-3,
   title="Description of Mixing Vane Grid CHF test for CASL DNB Challenge Problem",
   year="2016",
   insitution="Westinghouse Electric Company",
   number="PFT-16-3, Rev.1"
}

@ARTICLE{yao82,
  author = {S.C. Yao and L.E. Hochreiter and W.J. Leech},
  title = {Heat-Transfer Augmentation
	in Rod Bundles Near Grid Spacers},
  journal = {Journal of Heat Transfer},
  year = {1982},
  volume = {104},
  pages = {76--81}
}

@techreport{manera16,
   author="A. Manera and D. Walter and V. Petrov and B. Kendrick and B. Wirth and R. Sweet and J. Rizk and V. Kucukboyaci and J. Secker",
   title="{Qualification of CFD-based PWR CILC capabilities for the identification of high-risk fuel rods}",
   year="2016",
   institution="Consortium for Advanced Simulation of Light Water Reactors",
   number="CASL-U-2016-1195-000"
}

@techreport{fighetti82,
   author="C. F. Fighetti and D. G. Reddy",
   institution="Electric Power Research Institute",
   number="NP-2609",
   note="Volume 3, Part 1",
   year="1982",
   title="{Parametric Study of CHF Data Volume 3, Part 1: Critical Heat Flux Data}"
}

@techreport{wells15,
   title="{Computational Fluid Dynamics Benchmark of High Fidelity Rod Bundle Experiments: Industry Round Robin Phase 2 - Rod Bundle with Mixing Vane Grids}",
   institution="EPRI, Palo Alto, CA",
   year="2015",
   number="3002005401"
}

@techreport{walter16,
   author="D. Walter and V. Petrov and A. Manera and B. Kendrick and R. Salko",
   title="{Two-Phase CFD/Subchannel Comparison and Assessment of the MAMBA CRUD Deposition Models L2.THM.P13.01}",
   year="2016",
   number="CASL-U-2016-1242-000",
   institution="Consortium for Advanced Simulation of Light Water Reactors"
}

@techreport{slattery16,
    author="S. Slattery and W. Gurecky",
    title="{Support for CILC L1 Milestone Using STAR-CCM+}",
    year="2016",
    number="L3:PHI.CMD.P12.02",
   institution="Consortium for Advanced Simulation of Light Water Reactors"
}

@book{scherer12,
    author="M. Scherer and J. Mai",
    title="{Simulating Copulas: Stochastic Models, Sampling Algorithms, and
           Applications}",
    year="2012",
    publisher="Imperial College Press"
}

@misc{nist,
   title="Thermophysical Properties of Fluid Systems",
   howpublished="\url{http://webbook.nist.gov/chemistry/fluid/}",
   note="Accessed: 10/31/2016"
}

