% --------------------------------- COPULA ---------------------------------- %
@Book{Joe2015,
author = {Joe, Harry},
title = {Dependence Modeling with Copulas},
publisher = {CRC Press},
year = {2015},
}

@Book{Nelsen2006,
author = {Nelsen, R.},
title = {An Introduction to Copulas},
publisher = {Springer},
year = {2006},
}

@article{Sklar1959,
author ="Sklar, A.",
title = "Fonctions de répartition à n dimensions et leurs marges",
journal = "Publ. Inst. Statist. Univ. Paris",
year = "1959",
volume = "8"
}

@book{scherer12,
    author="M. Scherer and J. Mai",
    title="{Simulating Copulas: Stochastic Models, Sampling Algorithms, and
           Applications}",
    year="2012",
    publisher="Imperial College Press"
}
% --------------------------------------------------------------------------- %

% -------------------------------- GRAD BOOST ------------------------------- %
@Article{friedman2002,
author = {Jerome H. Friedman},
title = {Stochastic gradient boosting},
journal = {Computational Statistics and Data Analysis},
year = {2002},
volume = {38},
pages = {367},
month = {Febuary}
}
% --------------------------------------------------------------------------- %


% -------------------------------- CASL  DOCS ------------------------------- %
@techreport{salko17,
   author="R. Salko and W. Gurecky and S. Slattery and K. Clarno and D. Pointer and D. Walker and V. Petrov",
   title="{Implementation of a Grid Heat Transfer and Turbulent Kinetic Energy Hi2Lo Remapping Capability into CTF in support of the CIPS Challenge Problem}",
   year="2017",
   institution="Consortium for Advanced Simulation of Light Water Reactors",
   number="CASL-U-2017-1322-000"
}

@techreport{slattery15,
   author="S. Slattery and R. Salko and K. Clarno",
   title="{The Effect of Subchannel vs. CFD Discretizations on CRUD Growth using MAMBA1D}",
   year="2015",
   institution="Consortium for Advanced Simulation of Light Water Reactors"
}

@techreport{manera16,
   author="A. Manera and D. Walter and V. Petrov and B. Kendrick and B. Wirth and R. Sweet and J. Rizk and V. Kucukboyaci and J. Secker",
   title="{Qualification of CFD-based PWR CILC capabilities for the identification of high-risk fuel rods}",
   year="2016",
   institution="Consortium for Advanced Simulation of Light Water Reactors",
   number="CASL-U-2016-1195-000"
}

@conference{collins16,
   title="{Simulation of Crud Induced Power Shift using the VERA Core Simulator and MAMBA}",
   author="B. Collins and R. Salko and S. Stimpson and K. Clarno and A. Godfrey",
   year="2016",
   booktitle="PHYSOR 2016"
}

@techreport{fighetti82,
   author="C. F. Fighetti and D. G. Reddy",
   institution="Electric Power Research Institute",
   number="NP-2609",
   note="Volume 3, Part 1",
   year="1982",
   title="{Parametric Study of CHF Data Volume 3, Part 1: Critical Heat Flux Data}"
}

@techreport{wells15,
   title="{Computational Fluid Dynamics Benchmark of High Fidelity Rod Bundle Experiments: Industry Round Robin Phase 2 - Rod Bundle with Mixing Vane Grids}",
   institution="EPRI, Palo Alto, CA",
   year="2015",
   number="3002005401"
}

@techreport{walter16,
   author="D. Walter and V. Petrov and A. Manera and B. Kendrick and R. Salko",
   title="{Two-Phase CFD/Subchannel Comparison and Assessment of the MAMBA CRUD Deposition Models L2.THM.P13.01}",
   year="2016",
   number="CASL-U-2016-1242-000",
   institution="Consortium for Advanced Simulation of Light Water Reactors"
}

@techreport{slattery16,
    author="S. Slattery and W. Gurecky",
    title="{Support for CILC L1 Milestone Using STAR-CCM+}",
    year="2016",
    number="L3:PHI.CMD.P12.02",
   institution="Consortium for Advanced Simulation of Light Water Reactors"
}

@techreport{avramova09,
   author="M.N. Avramova",
   title="{CTF}---{A} {T}hermal-{H}ydraulic {S}ub-{C}hannel {C}ode for {LWR} {T}ransient {A}nalyses---{U}ser's {M}anual",
   institution="The Reactor Dynamics Fuel Management Group at the Pennsylvania State University",
   year = "2009"
}

@MANUAL{salko12,
    title = {CTF Theory Manual},
    author = {R.K. Salko and M.N. Avramova},
    organization = {The Pennsylvania State University}
}
% --------------------------------------------------------------------------- %

% -------------------------------- MISC  DOCS ------------------------------- %
@techreport{rohsenow51,
   author="W. M. Rohsenow",
   title="A Method of Correlating Heat Transfer Data for Surface Boiling of Liquids",
   institution="The Office of Naval Research",
   year="1951"
}

@mastersthesis{krige51,
	author="Krige, D.G", 
	title="A statistical approach to some mine valuations and allied problems at the Witwatersrand", 
	school="University of Witwatersrand",
	year="1951"
}
% --------------------------------------------------------------------------- %

